
@book{siciliano_robotics_2009,
	title = {Robotics: {Modelling}, {Planning} and {Control}},
	isbn = {978-1-84628-641-4},
	url = {https://www.springer.com/gp/book/9781846286414},
	publisher = {Springer-Verlag},
	author = {Siciliano, Bruno and Sciavicco, Lorenzo and Villani, Luigi and Oriolo, Giuseppe},
	year = {2009},
	doi = {10.1007/978-1-84628-642-1}
}

@book{slotine_applied_1990,
	title = {Applied {Nonlinear} {Control}},
	isbn = {978-0-13-040890-7},
	language = {English},
	publisher = {Pearson},
	author = {Slotine, Jean-Jacques and Li, Weiping},
	month = oct,
	year = {1990}
}

@book{asada_robotics_1986,
	title = {Robotics: Analysis and Control},
	language = {English},
	author = {H. Harry Asada and Jean-Jacques Slotine},
	year = {1986}
}

@book{murray_mathematical_1994,
  title={A mathematical introduction to robotic manipulation},
  author={Murray, Richard M and Li, Zexiang and Sastry, S Shankar and Sastry, S Shankara},
  year={1994},
  publisher={CRC press},
  url = {https://www.cds.caltech.edu/~murray/books/MLS/pdf/mls94-complete.pdf}
}

@book{lynch_modern_2017,
  title={Modern Robotics: Mechanics, Planning and Control},
  author={Lynch, Kevin M and Park, Frank C.},
  year={2017}
}

@book{strang_linear_2009,
	title = {Introduction to Linear Algebra},
	author = {Gilbert Strang},
	year={2009}
}

@misc{tedrake_underactuated_2020,
	title = {Underactuated Robotics: Algorithms for Walking, Running, Swimming, Flying, and Manipulation (Course Notes for MIT 6.832).},
	url = {http://underactuated.mit.edu/underactuated.html},
	urldate = {2020-05-24},
	author = {Russ Tedrake}
}

@misc{slotine_robotics_2014,
	title = {Course notes for MIT 2.165},
	urldate = {2014-01-01},
	author = {Jean-Jacques Slotine},
	year={2014}
}

@misc{lafontaine_control_2011,
	title = {Course notes for UdeS GEI720 - Commande multi-variable},
	urldate = {2011-09-01},
	author = {Jean de Lafontaine},
	year={2011}
}
